<collection xmlns="http://www.loc.gov/MARC21/slim">
<record>
  <leader>01340nam0a22002771i 450 </leader>
  <controlfield tag="001">IT\ICCU\CNCE\033989</controlfield>
  <controlfield tag="005">20040706000000.0</controlfield>
  <datafield tag="012" ind1=" " ind2=" ">
    <subfield code="a">remi rae: e:na ChCh (C) 1544 (R)</subfield>
    <subfield code="2">fei</subfield>
  </datafield>
  <datafield tag="100" ind1=" " ind2=" ">
    <subfield code="a">19971224d1544        0itac0103    ba</subfield>
  </datafield>
  <datafield tag="101" ind1=" " ind2=" ">
    <subfield code="a">ITA</subfield>
  </datafield>
  <datafield tag="102" ind1=" " ind2=" ">
    <subfield code="a">IT</subfield>
  </datafield>
  <datafield tag="200" ind1="1" ind2=" ">
    <subfield code="a">Bucolica di Vergilio di m. Vincentio Menni perugino ...</subfield>
  </datafield>
  <datafield tag="210" ind1=" " ind2=" ">
    <subfield code="e">In Perugia</subfield>
    <subfield code="g">per Girollamo del Bianchino dal Leone</subfield>
    <subfield code="h">1544</subfield>
  </datafield>
  <datafield tag="215" ind1=" " ind2=" ">
    <subfield code="a">28 c.</subfield>
    <subfield code="d">16ʻ</subfield>
  </datafield>
  <datafield tag="620" ind1=" " ind2=" ">
    <subfield code="a">IT</subfield>
    <subfield code="d">Perugia</subfield>
  </datafield>
  <datafield tag="700" ind1=" " ind2="1">
    <subfield code="a">Menni,</subfield>
    <subfield code="b">Vincenzo</subfield>
    <subfield code="3">IT\ICCU\CNCA\006582</subfield>
  </datafield>
  <datafield tag="702" ind1=" " ind2="1">
    <subfield code="a">Vergilius Maro,</subfield>
    <subfield code="b">Publius</subfield>
    <subfield code="3">IT\ICCU\CNCA\001093</subfield>
  </datafield>
  <datafield tag="712" ind1="0" ind2="0">
    <subfield code="a">Bianchini, Girolamo</subfield>
    <subfield code="3">IT\ICCU\CNCT\001692</subfield>
    <subfield code="4">650</subfield>
  </datafield>
  <datafield tag="790" ind1=" " ind2="1">
    <subfield code="a">Almenni,</subfield>
    <subfield code="b">Vincenzio</subfield>
    <subfield code="3">IT\ICCU\CNCA\020516</subfield>
    <subfield code="z">Menni, Vincenzo</subfield>
  </datafield>
  <datafield tag="790" ind1=" " ind2="1">
    <subfield code="a">Menna,</subfield>
    <subfield code="b">Vincentius</subfield>
    <subfield code="3">IT\ICCU\CNCA\020517</subfield>
    <subfield code="z">Menni, Vincenzo</subfield>
  </datafield>
  <datafield tag="790" ind1=" " ind2="0">
    <subfield code="a">Virgilio</subfield>
    <subfield code="3">IT\ICCU\CNCA\015017</subfield>
    <subfield code="z">Vergilius Maro, Publius</subfield>
  </datafield>
  <datafield tag="791" ind1="0" ind2="2">
    <subfield code="a">℗al segno del ℗Leone</subfield>
    <subfield code="c"> &lt;Perugia</subfield>
    <subfield code="c"> ; 1544-1557&gt;</subfield>
    <subfield code="3">IT\ICCU\CNCT\002730</subfield>
    <subfield code="z">Bianchini, Girolamo</subfield>
  </datafield>
  <datafield tag="801" ind1=" " ind2="3">
    <subfield code="a">IT</subfield>
    <subfield code="b">ICCU</subfield>
    <subfield code="c">20201114</subfield>
  </datafield>
  <datafield tag="899" ind1=" " ind2=" ">
    <subfield code="a">Biblioteca della Fondazione Accademia di belle arti Pietro Vannucci. Perugia</subfield>
    <subfield code="1">PG0104</subfield>
    <subfield code="2">UM1 60</subfield>
  </datafield>
  <datafield tag="899" ind1=" " ind2=" ">
    <subfield code="a">Biblioteca universitaria Alessandrina. Roma</subfield>
    <subfield code="1">RM0280</subfield>
    <subfield code="2">RML 01</subfield>
  </datafield>
  <datafield tag="921" ind1=" " ind2=" ">
    <subfield code="a">IT\ICCU\CNCM\000931</subfield>
    <subfield code="b">Albero (probabilmente un pino) con cartiglio intorno al tronco</subfield>
    <subfield code="e">Nil timeo saevos boreas radice profunda</subfield>
    <subfield code="c">A60</subfield>
    <subfield code="c">T30</subfield>
    <subfield code="c">Z10</subfield>
    <subfield code="f">PINO</subfield>
    <subfield code="f">NILTIMEOSA</subfield>
    <subfield code="g">1544-1578</subfield>
  </datafield>
</record>
</collection>
